
@article( Aho79Optimal, 
  author =	"A.V. Aho
		and J.D. Ullman", 
  title =	"
Optimal Partial Match Retrieval When Fields Are Independently Specified", 
  year =	1979, 
  month =	jun, 
  journal =	"ACM TODS", 
  volume =	4, 
  number =	2, 
  pages =	"168-179", 
  keywords =	"seckey mah" )

@ARTICLE{Yedidia05constructingfree,
    author = {Jonathan S. Yedidia and William T. Freeman and Yair Weiss},
    title = {Constructing Free Energy Approximations and Generalized Belief Propagation Algorithms},
    journal = {IEEE Transactions on Information Theory},
    year = {2005},
    volume = {51},
    pages = {2282--2312}
}

@incollection{Yedidia:2003:UBP,
 author = {Yedidia, Jonathan S. and Freeman, William T. and Weiss, Yair},
 chapter = {Understanding belief propagation and its generalizations},
 title = {Exploring artificial intelligence in the new millennium},
 editor = {Lakemeyer, Gerhard and Nebel, Bernhard},
 year = {2003},
 isbn = {1-55860-811-7},
 pages = {239--269},
 numpages = {31},
 url = {http://dl.acm.org/citation.cfm?id=779343.779352},
 acmid = {779352},
 publisher = {Morgan Kaufmann Publishers Inc.},
 address = {San Francisco, CA, USA},
} 

@ARTICLE{Kschischang98factorgraphs,
    author = {Frank R. Kschischang and Brendan J. Frey and Hans-Andrea Loeliger},
    title = {Factor Graphs and the Sum-Product Algorithm},
    journal = {IEEE TRANSACTIONS ON INFORMATION THEORY},
    year = {1998},
    volume = {47},
    pages = {498--519}
}